<?xml version="1.0" encoding="UTF-8"?>
<record xmlns="http://www.loc.gov/MARC21/slim">
   <leader>00889cam a22001935  4500</leader>
   <controlfield tag="001">2785177</controlfield>
   <controlfield tag="003">NjP</controlfield>
   <controlfield tag="005">20150119160938.0</controlfield>
   <controlfield tag="008">991110s1900    ua            000 0 ara d</controlfield>
   <datafield tag="024" ind1="7" ind2=" ">
      <subfield code="a">princeton_aco004367</subfield>
      <subfield code="2">local</subfield>
   </datafield>
   <datafield ind1=" " ind2=" " tag="035">
      <subfield code="a">(OCoLC)ocm42804545</subfield>
   </datafield>
   <datafield ind1=" " ind2=" " tag="035">
      <subfield code="9">CNJ3855TS</subfield>
   </datafield>
   <datafield ind1=" " ind2=" " tag="040">
      <subfield code="a">PUL</subfield>
      <subfield code="c">PUL</subfield>
   </datafield>
   <datafield ind1="2" ind2=" " tag="100">
      <subfield code="a">Zakarīyā ibn Muḥammad, al-Anṣārī,</subfield>
      <subfield code="d">1422-1511?</subfield>
   </datafield>
   <datafield ind1="0" ind2="0" tag="245">
      <subfield code="a">Sharh ... ʻalā matn al-Bahjah lil-ʻallāmah Ibn al-Wardī fī fiqh al-imām al-Shāfiʻī ...</subfield>
      <subfield code="b">al-musammā ... bi-al-Ghurar al-bahīyah fī sharḥ al-Bahjah al-Wardīyah maʻa hāshiyat ʻAbd al-Raḥmān al-Shirbīnī... Wa-bi-hāmishih Hāshiyat Ibn Qāsim al-ʻAbbādī maʻa taqrīr ʻAbd al-Raḥmān al-Shirbīnī ʻalayhā.</subfield>
   </datafield>
   <datafield ind1=" " ind2=" " tag="260">
      <subfield code="a">Cairo</subfield>
      <subfield code="c">[1318 [1900]]</subfield>
   </datafield>
   <datafield ind1=" " ind2=" " tag="300">
      <subfield code="a">5 v.</subfield>
      <subfield code="c">29 cm.</subfield>
   </datafield>
   <datafield ind1=" " ind2=" " tag="546">
      <subfield code="a">In Arabic.</subfield>
   </datafield>
   <datafield ind1="4" ind2=" " tag="856">
      <subfield code="u">http://catalog.hathitrust.org/Record/009009231</subfield>
   </datafield>
   <datafield ind1=" " ind2=" " tag="945">
      <subfield code="a">F</subfield>
      <subfield code="b">1</subfield>
      <subfield code="c">2271.40971.992</subfield>
      <subfield code="e">v.1-5</subfield>
   </datafield>
   <datafield ind1=" " ind2=" " tag="911">
      <subfield code="a">20000130</subfield>
   </datafield>
   <datafield ind1="8" ind2="1" tag="852">
      <subfield code="0">3096132</subfield>
      <subfield code="b">rcppa</subfield>
      <subfield code="t">1</subfield>
      <subfield code="h">2271.40971.992</subfield>
      <subfield code="x">tr fr f</subfield>
   </datafield>
   <datafield ind1=" " ind2="0" tag="866">
      <subfield code="0">3096132</subfield>
      <subfield code="8">0</subfield>
      <subfield code="a">v.1-5</subfield>
   </datafield>
   <datafield ind1=" " ind2="0" tag="866">
      <subfield code="0">3096132</subfield>
      <subfield code="x">v. 1 missing at time of transfer to recap pp 3/22/11</subfield>
   </datafield>
   <datafield ind1="8" ind2=" " tag="852">
      <subfield code="0">8749826</subfield>
      <subfield code="b">elf1</subfield>
      <subfield code="h">Electronic Resource</subfield>
   </datafield>
   <datafield ind1=" " ind2=" " tag="959">
      <subfield code="a">2000-06-08 00:00:00 -0500</subfield>
   </datafield>
</record>
